<?xml version="1.0" encoding="UTF-8"?><collection xmlns="http://www.loc.gov/MARC21/slim"><record><leader>00565nam--2200193-u-4500</leader><controlfield tag="001">000051868</controlfield><controlfield tag="002">20161230</controlfield><controlfield tag="005">20161230201049</controlfield><controlfield tag="008">090323s1000------------r-----000-0-eng-d</controlfield><datafield ind1=" " ind2=" " tag="040"><subfield code="a">IFIN-HH</subfield></datafield><datafield ind1="1" ind2=" " tag="100"><subfield code="a">Olver,Peter J</subfield></datafield><datafield ind1="1" ind2="0" tag="245"><subfield code="a">Applications of Lie Groups to Differential Equations</subfield></datafield><datafield ind1=" " ind2=" " tag="260"><subfield code="a">New York</subfield><subfield code="b">Springer Verlag</subfield><subfield code="c">1993</subfield></datafield><datafield ind1=" " ind2=" " tag="300"><subfield code="a">513 p</subfield></datafield><datafield ind1=" " ind2=" " tag="490"><subfield code="a">Graduate Texta in Mathematics</subfield><subfield code="v">vol.107</subfield></datafield><datafield ind1=" " ind2=" " tag="504"><subfield code="a">Includes Bibliographical References and Index</subfield></datafield><datafield ind1=" " ind2="4" tag="650"><subfield code="a">Differential Equations</subfield></datafield><datafield ind1=" " ind2=" " tag="852"><subfield code="a">49167</subfield><subfield code="c">517.9</subfield></datafield><datafield ind1=" " ind2=" " tag="CAT"><subfield code="a">Sys</subfield><subfield code="c">20100721</subfield><subfield code="h">101238</subfield></datafield></record></collection>